<record><leader>00000cas a22000007a 4500</leader><controlfield tag="001">11864486</controlfield><controlfield tag="008">850329d19441947njuwr ne      0    0eng d</controlfield><datafield ind1=" " ind2=" " tag="010"><subfield code="a">sn 85035531 </subfield></datafield><datafield ind1=" " ind2=" " tag="040"><subfield code="a">NPA</subfield><subfield code="b">eng</subfield><subfield code="c">NPA</subfield><subfield code="d">NJW</subfield><subfield code="d">NYS</subfield><subfield code="d">OCLCQ</subfield></datafield><datafield ind1=" " ind2=" " tag="042"><subfield code="a">msc</subfield></datafield><datafield ind1="0" ind2="0" tag="245"><subfield code="a">Apollo journal.</subfield></datafield><datafield ind1=" " ind2=" " tag="260"><subfield code="a">Belvidere, Warren Co., N.J. :</subfield><subfield code="b">Apollo-Journal Corp.,</subfield><subfield code="c">1944-</subfield></datafield><datafield ind1=" " ind2=" " tag="300"><subfield code="a">v. :</subfield><subfield code="b">ill.</subfield></datafield><datafield ind1=" " ind2=" " tag="310"><subfield code="a">Weekly</subfield></datafield><datafield ind1="0" ind2=" " tag="362"><subfield code="a">Vol. 1, no. 1 (May 18, 1944)-</subfield></datafield><datafield ind1="1" ind2=" " tag="362"><subfield code="a">Ceased in Mar. 1947.</subfield><subfield code="z">Cf. Wright, W.C. and Stellhorn, P.A. Direct. of N.J. newspapers.</subfield></datafield><datafield ind1=" " ind2=" " tag="530"><subfield code="a">Also issued on microfilm by Norton Micro Images.</subfield></datafield><datafield ind1=" " ind2=" " tag="752"><subfield code="a">United States</subfield><subfield code="b">New Jersey</subfield><subfield code="c">Warren</subfield><subfield code="d">Belvidere.</subfield></datafield><datafield ind1="0" ind2="0" tag="780"><subfield code="t">Belvidere Apollo (Belvidere, N.J. : 1869)</subfield><subfield code="w">(DLC)sn 85035541</subfield><subfield code="w">(OCoLC)11864623</subfield></datafield><datafield ind1="0" ind2="7" tag="785"><subfield code="t">Warren journal</subfield><subfield code="w">(DLC)sn 84026154</subfield><subfield code="w">(OCoLC)10307669</subfield></datafield><datafield ind1="0" ind2="7" tag="785"><subfield code="t">Belvidere Apollo-journal</subfield><subfield code="w">(DLC)sn 85035532</subfield><subfield code="w">(OCoLC)11864637</subfield></datafield></record>